<?xml version="1.0" encoding="UTF-8"?>
<record xmlns="http://www.loc.gov/MARC21/slim" xmlns:xsi="http://www.w3.org/2001/XMLSchema-instance" xsi:schemaLocation="http://www.loc.gov/MARC21/slim http://www.loc.gov/standards/marcxml/schema/MARC21slim.xsd">
<leader>00000nam a22      i 4500</leader>
<controlfield tag="001">001682754</controlfield>
<controlfield tag="003">NNU</controlfield>
<controlfield tag="005">20150804174245.0</controlfield>
<controlfield tag="008">150804m19301932ua ae    bc   000 0 ara d</controlfield>
<datafield tag="040" ind1=" " ind2=" ">
<subfield code="a">ZYU</subfield>
<subfield code="b">eng</subfield>
<subfield code="e">rda</subfield>
<subfield code="c">ZYU</subfield>
</datafield>
<datafield tag="043" ind1=" " ind2=" ">
<subfield code="a">f-ua---</subfield>
</datafield>
<datafield tag="050" ind1=" " ind2="4">
<subfield code="a">N3825</subfield>
<subfield code="b">.A55 1930</subfield>
</datafield>
<datafield tag="110" ind1="2" ind2=" ">
<subfield code="6">880-01</subfield>
<subfield code="a">Matḥaf al-Qibṭī (Cairo, Egypt)</subfield>
</datafield>
<datafield tag="245" ind1="1" ind2="0">
<subfield code="6">880-02</subfield>
<subfield code="a">Dalīl al-Matḥaf al-Qibṭī wa-ahamm al-kanāʼis wa-al-Adyirah al-atharīyah /</subfield>
<subfield code="c">bi-qalam Murqus Simaykah, mudīr al-matḥaf.</subfield>
</datafield>
<datafield tag="260" ind1=" " ind2=" ">
<subfield code="6">880-03</subfield>
<subfield code="a">al-Qāhirah :</subfield>
<subfield code="b">al-Maṭbaʻah al-Amīrīyah,</subfield>
<subfield code="c">1930-1932.</subfield>
</datafield>
<datafield tag="300" ind1=" " ind2=" ">
<subfield code="a">volumes</subfield>
<subfield code="b">illustrations, plans</subfield>
<subfield code="c">20 cm.</subfield>
</datafield>
<datafield tag="336" ind1=" " ind2=" ">
<subfield code="a">text</subfield>
<subfield code="b">txt</subfield>
<subfield code="2">rdacontent</subfield>
</datafield>
<datafield tag="337" ind1=" " ind2=" ">
<subfield code="a">unmediated</subfield>
<subfield code="b">n</subfield>
<subfield code="2">rdamedia</subfield>
</datafield>
<datafield tag="338" ind1=" " ind2=" ">
<subfield code="a">volume</subfield>
<subfield code="b">nc</subfield>
<subfield code="2">rdacarrier</subfield>
</datafield>
<datafield tag="500" ind1=" " ind2=" ">
<subfield code="a">Translation of title: Guide to the Coptic Museum.</subfield>
</datafield>
<datafield tag="500" ind1=" " ind2=" ">
<subfield code="a">At head of title: Maslaḥat al-Āthār. al-Matḥaf al-Qibṭī.</subfield>
</datafield>
<datafield tag="505" ind1="1" ind2=" ">
<subfield code="a">v. 2. al-Jināḥ al-jadīd. 1. Qism al-aḥjār. Li-Bāhūr Labīb. [The new wing. 1. Masonry].</subfield>
</datafield>
<datafield tag="504" ind1=" " ind2=" ">
<subfield code="a">Includes bibliographical references (v. 2, pages 275-284).</subfield>
</datafield>
<datafield tag="650" ind1=" " ind2="0">
<subfield code="a">Art</subfield>
<subfield code="z">Egypt</subfield>
<subfield code="z">Cairo</subfield>
<subfield code="v">Catalogs.</subfield>
</datafield>
<datafield tag="650" ind1=" " ind2="0">
<subfield code="a">Coptic art.</subfield>
</datafield>
<datafield tag="700" ind1="1" ind2=" ">
<subfield code="6">880-04</subfield>
<subfield code="a">Simaykah, Murqus,</subfield>
<subfield code="d">1864-1944.</subfield>
</datafield>
<datafield tag="880" ind1="2" ind2=" ">
<subfield code="6">110-01/</subfield>
<subfield code="a">متحف القبطي (القاهرة، مصر)</subfield>
</datafield>
<datafield tag="880" ind1="1" ind2="0">
<subfield code="6">245-02/</subfield>
<subfield code="a">دليل المتحف القبطي واهم الكنائس والأديرة الاثرية /</subfield>
<subfield code="c">بقلم مرقس سميكة، مدير المتحف.</subfield>
</datafield>
<datafield tag="880" ind1=" " ind2=" ">
<subfield code="6">260-03/</subfield>
<subfield code="a">القاهرة :</subfield>
<subfield code="b">المطبعة الاميرية،</subfield>
<subfield code="c">1930-1932.</subfield>
</datafield>
<datafield tag="880" ind1="1" ind2=" ">
<subfield code="6">700-04/</subfield>
<subfield code="a">سميكة، مرقس،</subfield>
<subfield code="d">1864-1944.</subfield>
</datafield>
<datafield tag="OWN" ind1=" " ind2=" ">
<subfield code="a">GENERAL</subfield>
</datafield>
<datafield tag="AVA" ind1=" " ind2=" ">
<subfield code="a">NYU50</subfield>
<subfield code="b">BOBST</subfield>
<subfield code="c">Main Collection</subfield>
<subfield code="d">N3825 .A55</subfield>
<subfield code="e">unavailable</subfield>
<subfield code="t">Unavailable</subfield>
<subfield code="f">2</subfield>
<subfield code="g">2</subfield>
<subfield code="h">Y</subfield>
<subfield code="i">1</subfield>
<subfield code="j">MAIN</subfield>
<subfield code="k">0</subfield>
</datafield>
</record>
